@article{poole2006eye,
title={Eye tracking in HCI and usability research},
author={Poole, Alex and Ball, Linden J},
journal={Encyclopedia of human computer interaction},
volume={1},
pages={211--219},
year={2006},
publisher={Idea Group Reference Hershey, PA}
}

@inproceedings{buscher2009you,
title={What do you see when you're surfing?: using eye tracking to predict salient regions of web pages},
author={Buscher, Georg and Cutrell, Edward and Morris, Meredith Ringel},
booktitle={Proceedings of the SIGCHI conference on human factors in computing systems},
pages={21--30},
year={2009},
organization={ACM}
}

@article{schiessl2003eye,
title={Eye tracking and its application in usability and media research},
author={Schiessl, Michael and Duda, Sabrina and Th{\"o}lke, Andreas and Fischer, Rico},
journal={MMI-interaktiv Journal},
volume={6},
pages={41--50},
year={2003}
}

@article{jacob2003eye,
title={Eye tracking in human-computer interaction and usability research: Ready to deliver the promises},
author={Jacob, Robert J.K. and Karn, Keith S},
journal={The mind's eye},
pages={573--605},
year={2003},  
publisher={Elsevier}
}

@inproceedings{blascheck2014state,
title={State-of-the-art of visualization for eye tracking data},
author={Blascheck, Tanja and Kurzhals, Kuno and Raschke, Michael and Burch, Michael and Weiskopf, Daniel and Ertl, Thomas},
booktitle={Proceedings of EuroVis},
volume={2014},
year={2014},
publisher = {The Eurographics Association}
}

@inproceedings{beymer2007eye,
title={An eye tracking study of how pictures influence online reading},
author={Beymer, David and Orton, Peter Z and Russell, Daniel M},
booktitle={IFIP Conference on Human-Computer Interaction},
pages={456--460},
year={2007},
organization={Springer}
}

@incollection{kasneci2015online,
title={Online recognition of fixations, saccades, and smooth pursuits for automated analysis of traffic hazard perception},
author={Kasneci, Enkelejda and Kasneci, Gjergji and K{\"u}bler, Thomas C and Rosenstiel, Wolfgang},
booktitle={Artificial neural networks},
pages={411--434},
year={2015},
publisher={Springer}
}

@inproceedings{grzyb2016eye,
title={Eye-Tracking in Usability-Tests--Die h{\"a}ufigsten Fehler und wie man sie vermeiden kann},
author={Grzyb, Kai Robin and R{\"o}sler, Alexander and Rockstroh, Jana and Quint, Gesine and Bartel, Torsten},
journal={UP 2016},
year={2016},
publisher={Gesellschaft f{\"u}r Informatik eV und die German UPA eV}
}

@inproceedings{bruneau2002eyes,
title={The eyes never lie: The use of eye tracking data in HCI research},
author={Bruneau, Daniel and Sasse, M Angela and McCarthy, John D.},
booktitle={Proceedings of the CHI},
volume={2},
pages={25},
year={2002}
}

@article{biedert2010eyebook,
title={The eyebook--using eye tracking to enhance the reading experience},
author={Biedert, Ralf and Buscher, Georg and Dengel, Andreas},
journal={Informatik-Spektrum},
volume={33},
number={3},
pages={272--281},
year={2010},
publisher={Springer}
}

@article{lorigo2008eye,
title={Eye tracking and online search: Lessons learned and challenges ahead},
author={Lorigo, Lori and Haridasan, Maya and Brynjarsd{\'o}ttir, Hr{\"o}nn and Xia, Ling and Joachims, Thorsten and Gay, Geri and Granka, Laura and Pellacini, Fabio and Pan, Bing},
journal={Journal of the Association for Information Science and Technology},
volume={59},
number={7},
pages={1041--1052},
year={2008},
publisher={Wiley Online Library}
}

@article{reichle1998toward,
title={Toward a model of eye movement control in reading.},
author={Reichle, Erik D and Pollatsek, Alexander and Fisher, Donald L and Rayner, Keith},
journal={Psychological review},
volume={105},
number={1},
pages={125},
year={1998},
publisher={US: American Psychological Association}
}

@article{kruger2014subtitles,
title={Subtitles and eye tracking: Reading and performance},
author={Kruger, Jan-Louis and Steyn, Faans},
journal={Reading Research Quarterly},
volume={49},
number={1},
pages={105--120},
year={2014},
publisher={Wiley Online Library}
}

@inproceedings{joachims2017accurately,
title={Accurately interpreting clickthrough data as implicit feedback},
author={Joachims, Thorsten and Granka, Laura and Pan, Bing and Hembrooke, Helene and Gay, Geri},
booktitle={ACM SIGIR Forum},
volume={51},
pages={4--11},
year={2017},
organization={Acm}
}

@article{rayner1998eye,
title={Eye movements in reading and information processing: 20 years of research.},
author={Rayner, Keith},
journal={Psychological bulletin},
volume={124},
number={3},
pages={372},
year={1998},
publisher={American Psychological Association}
}

@inproceedings{goldberg2002eye,
title={Eye tracking in web search tasks: design implications},
author={Goldberg, Joseph H and Stimson, Mark J and Lewenstein, Marion and Scott, Neil and Wichansky, Anna M},
booktitle={Proceedings of the 2002 symposium on Eye tracking research \& applications},
pages={51--58},
year={2002},
organization={ACM}
}

@inproceedings{bojko2009informative,
title={Informative or misleading? Heatmaps deconstructed},
author={Bojko, Agnieszka Aga},
booktitle={International Conference on Human-Computer Interaction},
pages={30--39},
year={2009},
organization={Springer}
}

@inproceedings{djamasbi2010efficiency,
title={Efficiency, trust, and visual appeal: Usability testing through eye tracking},
author={Djamasbi, Soussan and Siegel, Marisa and Tullis, Tom and Dai, Rui},
booktitle={System Sciences (HICSS), 2010 43rd Hawaii International Conference},
pages={1--10},
year={2010},
organization={IEEE}
}

@article{vspakov2007visualization,
title={Visualization of eye gaze data using heat maps},
author={{\v{S}}pakov, O and Miniotas, Darius},
journal={Elektronika ir elektrotechnika},
pages={55--58},
year={2007},
publisher={Technologija}
}

@article{kurzhals2016gaze,
title={Gaze stripes: Image-based visualization of eye tracking data},
author={Kurzhals, Kuno and Hlawatsch, Marcel and Heimerl, Florian and Burch, Michael and Ertl, Thomas and Weiskopf, Daniel},
journal={IEEE transactions on visualization and computer graphics},
volume={22},
number={1},
pages={1005--1014},
year={2016},
publisher={IEEE}
}

@article{djamasbi2014eye,
title={Eye tracking and web experience},
author={Djamasbi, Soussan},
journal={AIS Transactions on Human-Computer Interaction},
volume={6},
number={2},
pages={37--54},
year={2014}
}

@inproceedings{gonzalez2011different,
title={Different users and intents: An eye-tracking analysis of web search},
author={Gonz{\'a}lez-Caro, Cristina and Marcos, Mari-Carmen},
booktitle={Proceedings of WSDM},
pages={9--12},
year={2011},
organization={ACM}
}


@article{reichle2003ez,
title={The EZ Reader model of eye-movement control in reading: Comparisons to other models},
author={Reichle, Erik D and Rayner, Keith and Pollatsek, Alexander},
journal={Behavioral and brain sciences},
volume={26},
number={4},
pages={445--476},
year={2003},
publisher={Cambridge University Press}
}

@online{tobii2018dark,
  author = {{Tobii AB}},
  title = {Dark and bright pupil tracking},
  year = 2018,
  url = {https://www.tobiipro.com/learn-and-support/learn/eye-tracking-essentials/what-is-dark-and-bright-pupil-tracking/},
  urldate = {2018-04-05}
}


@inproceedings{buscher2010good,
title={The good, the bad, and the random: an eye-tracking study of ad quality in web search},
author={Buscher, Georg and Dumais, Susan T and Cutrell, Edward},
booktitle={Proceedings of the 33rd international ACM SIGIR conference on Research and development in information retrieval},
pages={42--49},
year={2010},
organization={ACM}
}

@inproceedings{liu2015influence,
title={Influence of vertical result in web search examination},
author={Liu, Zeyang and Liu, Yiqun and Zhou, Ke and Zhang, Min and Ma, Shaoping},
booktitle={Proceedings of the 38th International ACM SIGIR Conference on Research and Development in Information Retrieval},
pages={193--202},
year={2015},
organization={ACM}
}

@inproceedings{wang2016beyond,
title={Beyond ranking: Optimizing whole-page presentation},
author={Wang, Yue and Yin, Dawei and Jie, Luo and Wang, Pengyuan and Yamada, Makoto and Chang, Yi and Mei, Qiaozhu},
booktitle={Proceedings of the Ninth ACM International Conference on Web Search and Data Mining},
pages={103--112},
year={2016},
organization={ACM}
}

@article{lewandowski2015evaluating,
title={Evaluating the retrieval effectiveness of Web search engines using a representative query sample},
author={Lewandowski, Dirk},
journal={Journal of the Association for Information Science and Technology},
volume={66},
number={9},
pages={1763--1775},
year={2015},
publisher={Wiley Online Library}
}

@article{pan2007google,
title={In google we trust: Users’ decisions on rank, position, and relevance},
author={Pan, Bing and Hembrooke, Helene and Joachims, Thorsten and Lorigo, Lori and Gay, Geri and Granka, Laura},
journal={Journal of computer-mediated communication},
volume={12},
number={3},
pages={801--823},
year={2007},
publisher={Oxford University Press Oxford, UK}
}

@inproceedings{agrawal2015study,
title={A study of distinctiveness in web results of two search engines},
author={Agrawal, Rakesh and Golshan, Behzad and Papalexakis, Evangelos},
booktitle={Proceedings of the 24th International Conference on World Wide Web},
pages={267--273},
year={2015},
organization={ACM}
}

@article{steinfeld2016agree,
title={“I agree to the terms and conditions”:(How) do users read privacy policies online? An eye-tracking experiment},
author={Steinfeld, Nili},
journal={Computers in human behavior},
volume={55},
pages={992--1000},
year={2016},
publisher={Elsevier}
}

@article{laberge1974toward,
title={Toward a theory of automatic information processing in reading},
author={LaBerge, David and Samuels, S Jay},
journal={Cognitive psychology},
volume={6},
number={2},
pages={293--323},
year={1974},
publisher={Elsevier}
}

@article{hutzler2004eye,
title={Eye movements of dyslexic children when reading in a regular orthography},
author={Hutzler, Florian and Wimmer, Heinz},
journal={Brain and language},
volume={89},
number={1},
pages={235--242},
year={2004},
publisher={Elsevier}
}

@article{clifton2016eye,
title={Eye movements in reading and information processing: Keith Rayner’s 40 year legacy},
author={Clifton Jr, Charles and Ferreira, Fernanda and Henderson, John M and Inhoff, Albrecht W and Liversedge, Simon P and Reichle, Erik D and Schotter, Elizabeth R},
journal={Journal of Memory and Language},
volume={86},
pages={1--19},
year={2016},
publisher={Elsevier}
}

@book{weber2011search,
title={Search engine bias},
author={Weber, Karsten},
year={2011},
publisher={AKA Verlag Heidelberg}
}

@inproceedings{granka2004eye,
title={Eye-tracking analysis of user behavior in WWW search},
author={Granka, Laura A and Joachims, Thorsten and Gay, Geri},
booktitle={Proceedings of the 27th annual international ACM SIGIR conference on Research and development in information retrieval},
pages={478--479},
year={2004},
organization={ACM}
}